<?xml version="1.0" encoding="UTF-8"?><record xmlns="http://www.loc.gov/MARC21/slim" xmlns:cinclude="http://apache.org/cocoon/include/1.0" xmlns:zs="http://www.loc.gov/zing/srw/">
  <leader>00681cz  a2200157n  4500</leader>
  <controlfield tag="001">n  90670218 </controlfield>
  <controlfield tag="003">DLC</controlfield>
  <controlfield tag="005">20150715142446.0</controlfield>
  <controlfield tag="008">900716n| azannaab           |a aaa      </controlfield>
  <datafield tag="010" ind1=" " ind2=" ">
    <subfield code="a">n  90670218 </subfield>
    <subfield code="z">n 2015033261</subfield>
  </datafield>
  <datafield tag="040" ind1=" " ind2=" ">
    <subfield code="a">DLC</subfield>
    <subfield code="b">eng</subfield>
    <subfield code="e">rda</subfield>
    <subfield code="c">DLC</subfield>
    <subfield code="d">DLC</subfield>
  </datafield>
  <datafield tag="100" ind1="1" ind2=" ">
    <subfield code="a">Turok, Marta</subfield>
  </datafield>
  <datafield tag="400" ind1="1" ind2=" ">
    <subfield code="a">Turok W., Marta</subfield>
  </datafield>
  <datafield tag="400" ind1="1" ind2=" ">
    <subfield code="a">Turok Wallace, Marta</subfield>
  </datafield>
  <datafield tag="670" ind1=" " ind2=" ">
    <subfield code="a">Her Cómo acercarse a la artesanía, 1988:</subfield>
    <subfield code="b">t.p. (Marta Turok) p. 4 of cover (b. in Mexico City; realizó su estudios profesionales en la UNAM y las Universidades de Tufts y Harvard)</subfield>
  </datafield>
  <datafield tag="670" ind1=" " ind2=" ">
    <subfield code="a">El arte popular de Hidalgo, 2011:</subfield>
    <subfield code="b">t.p. (Marta Turok W.) p. 7 (Marta Turok Wallace) bibliography, p. 179 (Marta Turok [4 citations])</subfield>
  </datafield>
</record>